2411 3344
853 131 1053 144 .-.-...-
1195 111 1234 156 5
1383 133 1583 150 ..........

187 234 379 277 colorem
399 243 565 272 necesse
590 234 681 270 erat
706 224 838 267 oratio
864 239 914 265 ea
939 223 1203 276 adscisceret,
1222 240 1346 282 qnae·
1359 232 1467 282 post
1477 226 1554 281 bas
1578 224 1719 269 illasve
1742 243 1814 270 res
1821 229 1909 270 ὦ
1917 226 2243 274 Assoeaieuoibm

188 306 259 339 ant
285 295 407 337 sociis
444 296 509 336 vel
543 305 743 349 prospera
778 290 858 330 vel-
878 289 1063 331 adversa
1084 287 1254 329 fortuna
1285 297 1417 342 gestas
1443 298 1636 347 perorata
1662 300 1778 333 esset.
1832 293 1890 333 Et
1920 301 1988 341 pst
2025 300 2122 335 sane
2152 298 2242 335 n'on

187 362 332 405 eadem
360 359 548 402 omnium
575 355 814 397 orationum
838 352 966 404 ratio,
992 360 1035 393 at
1061 366 1148 395 non
1175 366 1224 394 ea
1250 360 1387 394 tamen
1418 354 1655 408 diversitas,
1701 369 1803 410 quae
1826 355 1957 397 aliam
1979 358 2136 400 nullam
2161 356 2243 399 nisi

187 441 213 468 e
240 426 416 470 secunda
442 423 509 462 illa
536 420 625 463 sive
652 427 716 461 ter
717 419 775 460 tia
813 417 1078 473 expeditione
1114 418 1339 460 derivatam
1375 416 1697 473 explicatiooeaen
1732 427 1958 476 pateretur.
1991 422 2159 463 Tertia
2185 429 2246 464 at

186 489 472 533 tantummodo
483 496 627 540 {quae
655 484 828 526 dubium
855 483 1031 536 aliquem
1058 483 1235 524 reddere
1259 482 1405 539 possit.-
1452 483 1643 525 Prorsus
1658 486 1782 527 aliam
1809 485 1923 528 enim
1950 467 2099 541 populi
2123 500 2244 530 men·-

186 563 271 596 tem
296 551 450 605 fuisse,
478 564 611 606 quum
632 549 878 600 haberetur,
909 549 1034 600 quam
1061 559 1164 600 quae
1194 546 1397 589 secundae
1421 553 1611 602 tempore
1638 545 1741 600 fuit,
1761 563 1848 591 ex
1862 549 1953 606 ipso
1972 549 2116 591 initio
2111 550 2246 591 eam-

185 620 313 673 gitur.
367 620 468 658 Non
496 616 674 669 amplius
701 613 979 656 reformidant
1006 613 1271 666 Philippum,
1299 615 1423 665 eujus
1441 620 1602 672 matum
1628 621 1675 654 ιιι
1701 613 1907 656 eximeret
1939 615 2129 670 ipsorum
2146 614 2245 657 ani-

185 683 288 733 mis,
318 681 495 723 secunda
524 679 614 721 vice
641 678 688 721 in
715 685 953 733 suggestum
980 684 1123 718 orator
1149 676 1387 731 prodierat,
1414 677 1487 717 sed
1513 680 1684 730 sperant
1708 678 1813 731 jam,
1839 690 1945 721 mox
1970 693 2083 722 eum
2081 683 2245 734 poenas

184 749 395 789 daturum.
450 746 593 798 Itaque
620 743 775 784 faotum
803 756 890 782 esse
917 749 1122 792 statuunt,
1151 743 1261 800 quod
1289 742 1505 783 extolleret
1530 740 1692 782 animos
1719 742 1879 797 populi,
1907 748 1947 782 e't
1975 745 2247 796 repetaerxflm

186 812 290 854 illud
317 825 375 853 ex
400 809 576 852 historia
608 807 702 850 belli
736 813 1019 862 putaverunt.
1054 806 1248 848 Primum
1284 813 1421 847 autem
1459 820 1545 847 non
1578 805 1675 847 satis
1711 806 1910 849 declarari
1944 813 2111 863 potest,
2148 808 2245 864 quid

186 876 287 917 illud
315 874 458 916 fuerit.
515 875 627 915 Nam
653 872 762 925 qaod
789 871 1065 917 Charidemus
1093 871 1273 912 traditur
1299 870 1530 913 Bottiaeam
1557 877 1599 911 et
1619 871 1815 913 Pallenen
1844 871 2247 923 devastavisse,-non

187 948 297 992 erat,
334 940 385 980 de
426 953 506 992 quo
541 945 651 979 tanta
687 935 840 976 laetitia
873 936 1051 989 populus
1079 936 1325 986 exsultaret,
1368 942 1410 975 et
1442 934 1735 988 quam-dieunt
1762 935 1952 977 Charetis
1980 937 2199 980 victoriam
2223 953 2270 982 a.

185 1005 463 1059 Theopompo
490 1008 763 1046 memoratam
790 999 981 1050 (Athen.
1005 1000 1136 1051 XIV,
1163 1014 1205 1055 p.
1235 1004 1319 1044 532
1349 999 1432 1043 vid.
1461 999 1768 1042 Westermann
1803 995 1846 1056 p.
1864 1006 1928 1046 »35
1956 1000 2045 1055 sq.)
2073 997 2247 1048 ἆιιὸὂώιι

185 1078 270 1121 est,
298 1077 413 1110 'num
440 1068 492 1109 ad
520 1066 826 1122 Olynthiacum
851 1066 1005 1107 bellum
1032 1065 1302 1119 pertinuerit,
1331 1079 1409 1116 an,
1438 1065 1546 1118 quod
1572 1066 1829 1119 probabilius
1867 1074 1949 1118 est,
1986 1067 2037 1108 ad
2062 1067 2246 1123 primam

184 1135 319 1186 illam,
348 1148 470 1186 quam
498 1132 715 1186 Philippus
744 1127 1055 1172 machinabatui
1082 1129 1278 1179 (Diodor.
1304 1130 1391 1172 XV
1390 1131 1429 1181 Ι
1457 1136 1525 1176 38.
1551 1131 1769 1174 Demosth
1796 1132 1847 1172 de
1880 1131 1970 1175 fals.
2004 1133 2080 1186 leg.
2108 1134 2148 1184 §.
2176 1135 2246 1180 84.

182 1204 282 1245 319.
311 1198 419 1241 Phil,
449 1199 489 1250 1,
520 1203 570 1240 17
607 1197 659 1238 de
693 1211 778 1238 cor.
815 1195 899 1249 32.)
937 1195 1324 1250 Thermopylarum
1370 1195 1683 1258 occupationem
1697 1227 1710 1249 ,
1754 1199 1876 1250 qnam
1914 1197 2137 1251 repulisse
2149 1211 2245 1240 eum

183 1270 357 1308 constat.
416 1261 610 1305 Accedit
620 1261 728 1315 quod
756 1260 847 1314 ipsa
874 1259 1127 1302 Philochori
1142 1260 1268 1302 verba
1295 1259 1568 1311 (Χαλκιδέων
1595 1261 1684 1303 τῶν
1712 1261 1785 1303 ἐπὶ
1818 1257 1989 1315 Θρᾴκης
2025 1260 2245 1317 θλιβομέ-

183 1342 275 1371 νων
302 1328 364 1381 τῷ
393 1327 591 1381 nouam
619 1334 661 1367 et
686 1334 783 1368 ante
810 1325 956 1367 tertiae
983 1325 1262 1379 expeditionis
1290 1326 1730 1368 commemorationem
1752 1327 1840 1368 τόν
1866 1323 2118 1369 Ὀλυνθίων
2143 1327 2245 1371 δέο-

184 1393 332 1448 μένων
359 1388 424 1447 μή
455 1390 663 1447 περιιδεῖν
699 1386 833 1437 αντιὶς
860 1389 1337 1444 καταπολεμηθέντας)
1367 1390 1619 1446 Olynthios,
1657 1406 1788 1445 quum
1822 1373 1977 1434 iterum
2013 1388 2245 1448 iterumque

178 1458 386 1502 auxilium
416 1464 626 1513 peterent,
662 1469 981 1511 magna-rerum
1009 1455 1246 1511 difficultate
1272 1454 1521 1497 laboravisse
1547 1456 1791 1510 significant.
1845 1458 1926 1498 Sed
1956 1457 2038 1498 *alia
2063 1460 2247 1515 suppetit

184 1523 451 1579 explicandae
478 1521 643 1577 populi,
670 1536 749 1575 qua
777 1529 867 1562 tum
894 1520 998 1572 fuit,
1034 1521 1192 1562 mentis·
1211 1521 1331 1563 ratio.
1387 1522 1424 1562 E
1454 1536 1606 1576 magna
1632 1523 1767 1575 enim,
1811 1537 1911 1576 quae
1948 1524 2121 1578 propria
2158 1533 2247 1566 erat

183 1587 533 1640 Atheniensium,
570 1586 727 1641 ingenii
756 1586 1030 1628 inconstantia
1058 1593 1100 1626 et
1127 1586 1398 1627 mutabilitate
1427 1594 1655 1640 eorumque
1690 1588 1763 1641 qui
1800 1587 1974 1641 gratiam
2010 1590 2097 1642 ejus
2128 1589 2248 1631 blan-

184 1654 336 1700 diendo
366 1661 529 1708 captare
556 1653 759 1703 solebant,
787 1651 974 1702 levitate,
1003 1650 1119 1691 facilc
1147 1651 1238 1692 fieri
1266 1659 1448 1706 poterat,
1487 1660 1533 1693 ut
1562 1653 1726 1698 decreto
1761 1653 1917 1694 auxilio
1945 1652 2131 1695 oratores
2155 1655 2247 1708 qui..

184 1720 280 1761 dam
307 1721 438 1761 multa
466 1719 593 1761 verba
620 1716 804 1759 facerent
832 1717 882 1758 de
909 1716 1122 1771 prosperis
1150 1717 1273 1758 rebus
1300 1719 1383 1770 jam
1411 1718 1696 1772 exspectandis
1726 1726 1767 1759 et
1795 1719 1845 1759 de
1873 1718 2054 1760 vindicta
2082 1720 2133 1760 de
2145 1719 2248 1761 Phi-

182 1783 300 1838 lippo
328 1784 544 1825 sumendaae
598 1782 762 1835 Quibus
791 1790 838 1821 ιιι
864 1782 1135 1835 responderet
1163 1788 1204 1820 et
1232 1781 1375 1837 animo
1400 1783 1547 1835 populi
1582 1783 1633 1821 ad
1671 1784 1822 1823 bellum
1859 1785 1940 1835 jam
1976 1784 2248 1838 propensiore

184 1854 369 1889 uteretur
398 1847 450 1887 ad
477 1847 755 1899 abrogandam
781 1845 818 1885 si
844 1844 936 1885 fieri
963 1852 1100 1898 posset
1141 1844 1192 1884 de
1229 1831 1418 1886 theatrali
1456 1845 1633 1899 pecunia
1668 1847 1849 1900 legem,
1866 1848 2096 1889 orationem
2134 1848 2245 1918 illam

184 1911 487 1955 Demosthenes
515 1910 748 1952 habendam
776 1908 1044 1951 existimavit.
2043 1924 2051 1928 -

319 1977 591 2031 Singulorum
617 1977 833 2026 locorum,
862 1988 961 2028 quos
990 1973 1125 2016 facere
1151 1975 1439 2026 judicaverunt
1476 1977 1529 2017 ad
1567 1983 1750 2033 tempus,
1799 1977 1865 2018 cui
1902 1993 1956 2031 ex
1993 1977 2061 2018 illa
2099 1979 2244 2021 Philo-

183 2042 303 2085 chori
332 2042 572 2084 narratione
600 2040 808 2083 orationes
836 2040 1109 2082 accensendae
1137 2039 1243 2092 sint,
1274 2055 1326 2081 ne
1353 2055 1459 2081 unus
1488 2041 1652 2095 quidem
1680 2043 1911 2097 reperitur,
1957 2057 1980 2083 e
2019 2056 2098 2096 quo
2133 2053 2244 2087 certa

185 2107 385 2163 quaedam
435 2106 641 2146 conclusio
681 2105 773 2145 fieri
814 2104 957 2158 possit.
1023 2105 1182 2144 Contra
1218 2104 1509 2159 reperiuntur,
1559 2121 1583 2144 e
1618 2106 1763 2158 quibus
1807 2106 2021 2147 auxiliatos
2058 2103 2243 2151 nondum

184 2172 464 2214 Athenienses
508 2169 636 2210 fuisse
680 2167 905 2221 colligatur.
989 2167 1170 2208 Exshis
1213 2170 1295 2221 jam
1338 2168 1508 2209 afferam
1516 2198 1528 2220 ,
1574 2182 1676 2222 quae
1721 2168 1935 2212 momento
1982 2172 2115 2226 aliquo
2157 2188 2244 2215 esse

187 2238 417 2282 videantur.

324 2303 361 2354 §.
391 2307 430 2346 2,
476 2295 603 2352 ἡμεῖς
647 2293 686 2338 δ’
713 2292 791 2337 οὐκ
819 2291 898 2337 οἶδ’
921 2291 1081 2336 ’ὅντινά
1116 2311 1194 2349 μοι
1224 2295 1437 2349 δοκοῦμεν
1473 2298 1586 2352 ἔχειν
1613 2294 1782 2349 τρόπον
1809 2296 1921 2353 node
1950 2296 2078 2342 αὐτά.
2134 2296 2244 2345 Sub·

186 2384 274 2411 esse
302 2367 468 2410 videtur
497 2362 771 2420 oppobrium,
799 2362 908 2417 quod
936 2360 1135 2404 tardiores
1164 2377 1208 2403 se
1236 2362 1450 2405 ostendant
1477 2362 1754 2407 Athenienses
1783 2365 1834 2406 ad
1864 2366 2161 2414 auxiliandum.

324 2433 359 2485 §.
388 2437 427 2473 2.
472 2427 580 2483 ὅπερ
608 2428 678 2469 καὶ
707 2426 920 2482 πρότῖερον
949 2442 1087 2467 caussa
1114 2429 1225 2468 nulla
1254 2435 1336 2480 est,
1387 2443 1467 2480 qua
1502 2430 1552 2469 ad
1590 2444 1655 2469 res
1686 2431 1941 2484 Olynthiaco
1977 2434 2081 2472 bello
2114 2442 2243 2487 gestas

188 2498 402 2542 referatur
468 2494 757 2550 Intelligendae
802 2500 897 2535 sunt
936 2492 1265 2549 opportunitates
1302 2501 1418 2536 antea
1455 2495 1680 2550 neglectae,
1725 2503 1771 2538 ut
1808 2495 1846 2555 §-0
1878 2501 1904 2541 8
1943 2492 2050 2540 οὐδὲ
2076 2504 2242 2542 παθεῖν
2299 2486 2302 2490 ¹

187 2559 353 2605 ταύτόν
387 2558 494 2615 ὅπερ
528 2558 621 2614 ἤδη
643 2555 846 2605 πολλακις
876 2555 1089 2613 πρότερον
1117 2555 1392 2600 πεπόνθατέ.
1448 2556 1691 2601 Verendum
1710 2559 1831 2601 enim
1860 2577 1965 2614 esse,
2000 2578 2052 2605 ne
2078 2564 2242 2621 Philip-

186 2644 287 2683 pus,
327 2627 394 2668 cui
431 2626 621 2667 societate
650 2625 958 2681 Olynthioium
996 2639 1090 2665 cum
1133 2622 1460 2666 Atheniensibus
1497 2624 1724 2686 composita
1758 2625 1866 2667 nihil
1906 2628 2114 2669 molestius
2156 2645 2242 2672 esse

187 2692 338 2751 possit,
367 2691 402 2733 si
431 2699 697 2745 cunctentur,
724 2689 993 2745 suspiciosam
1020 2703 1111 2736 eam
1138 2689 1280 2732 ιεάἀᾶι
1308 2689 1527 2746 Olynthiis
1563 2697 1605 2732 et
1637 2690 1689 2732 ad
1724 2704 1869 2745 pacem
1903 2707 1970 2735 eos
2010 2691 2238 2737 faciendam
