2411 3344
828 112 1026 155 ...ι-ἑ.-
1176 103 1212 162 5

164 234 237 294 qui
262 232 502 281 Phitoehori
529 232 652 279 fidem
680 248 729 278 eo
764 230 958 289 infringi
968 236 1207 285 censerent,
1243 230 1350 287 quod
1376 246 1399 275 a
1428 230 1706 276 Demosthene
1733 231 2109 290 d1screpa1etqui
2136 239 2208 287 (de

162 301 355 355 falabg.
372 302 422 355 ς
450 304 562 351 266.)
592 309 820 347 numerum
840 305 882 338 et
909 298 1078 339 navium
1112 305 1154 338 et
1172 298 1382 350 militum,
1422 298 1638 353 Olynthiis
1674 299 1829 339 auxilio
1865 299 2106 354 missor-,um
2143 304 2210 362 di-

129 388 132 390 ·
164 378 331 412 versum
364 364 760 420 indicavisset,1e‘d
793 362 1006 407 conciliari
1051 378 1170 419 posse
1204 363 1423 405 amborum
1467 362 1701 405 testimonia
1736 365 1915 408 ostendit
1949 366 2122 408 Voemel
2158 371 2208 411 de

164 431 346 487 Olynthi
374 431 549 475 civitate
567 438 645 472 etc·
669 442 710 484 Ρ·
740 434 804 473 17

297 497 478 553 Triplex
520 495 649 550 igitur
691 494 952 537 concedimus
988 493 1191 535 auxilium
1227 489 1445 547 Olynthiis
1482 483 1680 534 missum
1694 508 1790 537 esse
1852 496 1967 537 Num
2004 512 2105 540 vero
2143 502 2208 541 vel

163 561 434 604 Philochorus
462 559 537 603 vd
553 559 782 615 Dionysius
810 574 834 600 e
861 555 1157 601 Demosthenis
1179 558 1280 599 illud
1309 557 1563 599 orationibus
1592 558 1904 616 repetiverunt?
1937 561 2207 608 Philochorus

163 642 217 670 ne
242 626 369 669 παιᾶνι)
393 622 559 677 quidem
589 624 841 666 memoravit
862 623 1216 674 Demosthenem,
1246 637 1490 677 quamquam
1525 622 1704 664 indicare
1732 626 1947 666 commode
1973 635 2134 681 poterat
2161 631 2205 672 in

161 692 499 743 oe-›loco32quem·
522 689 782 733 conservavit
805 688 1055 742 Dionysius,
1096 691 1209 741 cujus
1245 694 1393 743 operae
1421 688 1620 742 Olynthii
1655 689 1852 730 auxilium
1882 691 2204 745 Atheniensium

160 755 403 799 debuissent
460 755 600 810 Itaque
626 768 764 796 caussa
790 752 902 798 certe
936 754 1046 795 nulla
1073 761 1179 812 est,
1202 766 1281 808 qua
1313 752 1582 796 Philochorus
1621 753 1826 810 putandus
1867 755 1921 796 sit
1958 758 2205 804 Demosthe-

144 822 259 864 nem
286 837 364 895 pio
391 829 559 873 auctore
586 822 731 862 auxilii
757 821 959 863 habuisse
1013 821 1094 860 Sed
1122 821 1263 859 eadem
1292 820 1416 859 etiam
1442 820 1492 858 de
1519 820 1727 873 Dionysio
1755 821 1955 861 dubitatio
1983 825 2204 869 suboritur.

160 884 257 930 Nisi
282 885 396 929 enim
424 900 479 928 ex
507 885 572 927 his
600 884 738 929 verbis
765 889 845 942 (ep.
872 885 923 927 ad
952 883 1097 928 Amm.
1126 899 1160 928 c
1190 888 1257 935 10)
1297 898 1442 939 ,,μετα
1471 898 1551 939 γαρ
1586 881 1776 940 ἄρχοντα
1803 885 2109 943 Καλλίμαγυν,
2138 889 2205 949 ἐφ’

161 946 215 991 οὗ
240 948 322 995 τοὶς
350 954 411 995 εἷς.
430 949 662 1002 Ὀλρνθ-ον,
689 949 900 1005 βοηθείας
929 946 1188 1005 dneoffetlav
1214 946 1463 1000 Ἀθηναῖοι,
1494 950 1748 994 πεισθέντες
1782 947 1874 990 ww=
1899 952 2203 1005 Δημοσθένες,

118 1053 121 1058 .
167 1010 387 1069 Θιὸφιλός
415 1017 536 1059 ἐστιν
564 1011 730 1070 ἅρχων,
758 1009 860 1057 καθ’
887 1029 942 1057 ον
970 1009 1172 1068 &obprimes
1200 1014 1280 1067 τῆς
1307 1011 1556 1057 ΗΟλυνθιων
1592 1010 1754 1062 πόλεως
1788 1016 2040 1063 Φίλιππος“
2068 1020 2203 1076 colligi

160 1080 380 1135 quidquam
407 1094 526 1136 posse
553 1086 764 1136 putamus,
791 1079 976 1120 maxime
1000 1079 1062 1118 ob
1085 1080 1284 1135 pluralem
1313 1090 1533 1119 numerum
1562 1093 1641 1125 τας
1667 1080 1892 1134 βοηθείας,
1921 1081 2203 1138 fragmentum

160 1146 261 1189 illud
282 1146 522 1188 Philochori
550 1160 721 1201 prorsus
748 1146 839 1187 alio
855 1144 1026 1187 consilio
1054 1145 1283 1199 Dionysius
1311 1146 1462 1196 attulit,
1504 1161 1624 1198 quam
1660 1161 1739 1199 quo
1773 1150 2042 1201 ιεεΡοιιᾶίεεε
2061 1153 2206 1207 singu-

160 1211 219 1252 las
245 1210 449 1253 orationes
476 1209 632 1266 triplici
660 1209 720 1251 illi
747 1209 901 1253 auxilio
930 1210 1241 1254 demonstraret.
1306 1210 1447 1266 Quum
1476 1209 1587 1251 enim
1616 1210 1695 1252 hoe
1722 1219 1861 1266 ageret
1889 1228 1964 1267 μοι
1992 1221 2121 1258 totam
2150 1218 2204 1260 il-

160 1277 242 1318 lam
270 1276 497 1332 epistolam
508 1277 560 1317 ad
570 1271 859 1328 Aminaeum,
879 1284 934 1317 ut
959 1276 1200 1331 praecipuas
1226 1276 1520 1317 Demosthenis
1549 1277 1753 1318 orationes
1782 1278 1941 1318 habitas
1969 1294 2054 1321 esse
2082 1283 2204 1325 doee—

158 1349 499 1396 1et,antequam
528 1333 773 1384 Aristoteles
808 1341 1120 1384 rhetoricorum
1149 1341 1276 1383 libros
1310 1341 1587 1383 conscriberet
1615 1350 1654 1383 et
1681 1343 1922 1384 laudavisset
1949 1360 1983 1387 c.
2014 1351 2039 1389 8
2067 1348 2204 1391 locum

159 1407 462 1448 rhetoricorum
492 1408 582 1458 (111,
616 1412 680 1448 102
710 1407 832 1464 Τοιιι.
860 1407 940 1458 IV,
967 1421 1009 1461 Ρ.
1036 1408 1119 1451 348
1147 1407 1211 1450 ed.
1239 1406 1405 1456 Buhle),
1434 1407 1478 1447 in
1508 1421 1587 1459 quo
1616 1408 1772 1448 mentio
1800 1408 1905 1448 facta
1934 1418 2037 1451 esset
2060 1412 2203 1468 Olyn-

160 1471 285 1513 thiaci
323 1471 436 1523 belli,
478 1479 566 1513 erat
601 1486 718 1522 sane,
755 1478 802 1511 ut
828 1472 1074 1524 accuratius,
1110 1473 1160 1512 ad
1197 1481 1323 1525 quem·
1347 1485 1500 1512 annum
1529 1473 1813 1525 pertinuisset,
1843 1474 2056 1518 indicaret.
2112 1479 2204 1520 Hac

160 1537 210 1577 de
252 1550 388 1576 caussa
433 1536 612 1576 laudavit
643 1535 960 1588 Philochorum,
1005 1552 1029 1577 e
1062 1551 1141 1590 quo
1184 1537 1218 1575 si
1260 1537 1431 1591 patebat,
1469 1537 1591 1577 latam
1629 1538 1678 1577 ab
1704 1537 2042 1579 Atheniensibus
2077 1557 2202 1598 opem

159 1601 328 1643 nonnisi
361 1600 543 1642 incidere
577 1601 621 1642 in
655 1616 808 1641 annum
848 1602 1108 1653 Callimachi,
1151 1602 1441 1643 Demosthenis
1477 1616 1635 1654 quoque
1662 1603 1869 1643 orationes
1898 1619 1982 1653 nqn
2012 1615 2203 1660 poterant

160 1680 246 1715 non
273 1666 416 1707 eodem
445 1664 620 1714 referri,
649 1679 905 1719 quascunque
933 1667 1099 1708 tandem
1127 1681 1283 1707 caussas
1310 1666 1555 1711 habuerunt.
1612 1668 1698 1708 Has
1726 1667 1840 1708 enim
1875 1667 2052 1724 referre,
2097 1674 2203 1716 nihil

158 1734 240 1783 jam
269 1731 466 1772 intererat
491 1731 694 1781 Dionysii.
748 1732 869 1771 Unde
897 1746 950 1771 ne
975 1732 1173 1785 Dionysii
1201 1732 1364 1783 quidem
1395 1732 1612 1772 auctoritas
1640 1739 1723 1782 est,
1752 1746 1828 1785 qua
1857 1735 1946 1787 quis
1975 1745 2209 1791 congruere

156 1794 335 1849 singulas
363 1795 567 1837 orationes
595 1810 690 1836 cum
716 1795 955 1835 Philochori
982 1796 1059 1835 ista
1088 1796 1322 1836 narratione
1356 1804 1510 1848 arguat.

294 1860 376 1902 Sed
402 1859 712 1915 gravissimum,
750 1860 857 1913 quod
884 1859 937 1900 iis
966 1860 1117 1911 obstat,
1146 1860 1213 1912 qui
1243 1860 1291 1900 ab
1322 1861 1473 1901 auxilio
1502 1861 1570 1902 illo
1600 1869 1662 1903 ter
1697 1864 1779 1904 lato
1812 1865 2017 1907 orationes
2044 1869 2203 1910 Demo-

158 1925 315 1965 sthenis
343 1925 569 1965 avellendas
598 1939 683 1963 esse
713 1932 881 1977 negant,
919 1925 961 1963 id
1002 1932 1080 1974 est,
1129 1925 1235 1976 quod
1264 1925 1333 1962 lati
1361 1925 1524 1976 quidem
1554 1927 1699 1965 auxilii
1733 1929 1898 1968 nullum*
1930 1943 2099 1983 usquam
2128 1946 2201 1974 ve-

157 1988 327 2044 stigium
357 1988 740 2044 deprehenditure).
796 1989 888 2029 Hoc
916 2002 1046 2042 neque
1076 2002 1123 2029 eo
1149 1987 1347 2043 explicari
1375 1995 1522 2044 potest,
1550 1991 1656 2043 quod
1684 1998 1848 2046 praeter
1877 1996 2200 2041 Demosthenem

157 2054 227 2094 alii
255 2067 413 2106 quoque
442 2055 491 2092 de
519 2055 659 2093 eadem
686 2069 732 2093 1e
760 2055 885 2093 verba
911 2053 1105 2103 fecerint,
1151 2067 1281 2104 neque
1321 2068 1390 2104 eo,
1427 2055 1535 2105 quod
1572 2069 1671 2106 quae
1705 2058 1871 2097 adversa
1899 2059 2065 2107 fortuna
2093 2064 2201 2103 acci-

91 2118 94 2119 ’
159 2117 316 2169 derint,
344 2116 549 2159 ieticenda
576 2102 729 2170 potius
742 2131 863 2170 quam
889 2116 1172 2170 expromenda
1200 2116 1354 2156 matori
1380 2116 1558 2168 fuerint,
1604 2133 1736 2172 neque
1772 2121 1945 2176 denique
1980 2128 2086 2178 quod
2113 2128 2200 2182 hy-

156 2173 327 2237 ΡετΙιοΙε
354 2182 527 2234 quadam
554 2195 650 2220 usus
677 2182 799 2220 latam
827 2193 951 2234 opem
987 2184 1205 2232 agnoscere
1238 2180 1418 2220 noluerit
1446 2181 1642 2232 (VVeiske
1670 2185 1719 2222 de
1747 2185 1977 2238 hyperbole
2006 2206 2074 2231 eri
2076 2208 2200 2234 orum

158 2248 204 2287 in
231 2245 403 2286 historia
429 2245 613 2298 Philippi
641 2243 954 2284 commissorum
982 2242 1179 2297 genitrice
1206 2242 1300 2284 diss
1329 2243 1403 2295 ΙΙΙ,
1431 2258 1473 2298 p.
1504 2248 1592 2297 31).
1648 2247 1810 2288 Habitis
1849 2251 1962 2293 enim
1998 2257 2201 2299 orationi-

159 2312 478 2364 buspostquam
507 2310 655 2349 bellum
684 2310 765 2360 jam
797 2308 951 2348 saevire
978 2322 1053 2361 per
1081 2304 1341 2348 Chalcidicen
1371 2308 1524 2361 coepit,
1562 2308 1769 2352 afferenda
1809 2317 2003 2367 quaedam
2033 2319 2199 2363 fuerunt

159 2376 206 2417 in
235 2364 529 2430 posterioribus
558 2372 827 2423 orationibus,
855 2372 998 2425 quibus
1027 2386 1049 2412 a
1077 2372 1284 2427 prioribus
1314 2372 1685 2429 distinguerentur,
1713 2378 1779 2419 vel
1808 2389 1966 2423 certum
1995 2388 2199 2436 quendam

270 2548 311 2592 ')
357 2550 425 2582 Est
449 2549 583 2594 quidem
605 2550 640 2582 in
663 2553 816 2583 extrema
832 2551 933 2583 tertia
955 2550 1126 2591 oratione,
1157 2538 1247 2594 quod
1270 2550 1311 2582 ad
1336 2549 1430 2584 ducis
1454 2552 1632 2595 eujusdam
1652 2559 1939 2591 mercenariorum
1961 2559 2112 2594 militum
2129 2565 2200 2596 vic-

356 2605 480 2650 toriam
502 2603 620 2636 referri
644 2606 775 2647 possit,
799 2616 907 2649 neque
930 2601 1126 2646 defuerunt,
1158 2606 1214 2649 qui
1239 2605 1420 2638 Charetem
1442 2607 1701 2650 intelligendum
1722 2622 1799 2643 csse
1822 2619 2018 2657 censerent,
2043 2618 2103 2648 sed
2126 2621 2198 2650 uni-

355 2669 457 2690 verse
479 2661 611 2690 tantum
632 2658 879 2702 reprehendere
899 2659 1035 2691 videtur
1058 2662 1174 2691 orator
1195 2660 1345 2704 ineptam
1367 2660 1462 2693 illam
1486 2664 1717 2696 curiositatem
1739 2665 2018 2711 Atheniensium,
2062 2683 2128 2716 qua
2150 2675 2199 2704 ni-

356 2711 404 2746 hil
425 2713 493 2756 ipsi
516 2716 674 2756 agentes,
699 2713 852 2746 studiose
873 2708 996 2753 tamen,
1022 2713 1101 2757 quid
1124 2713 1181 2746 alii
1204 2718 1324 2757 agant,
1347 2719 1598 2759 percontentur.
1641 2718 1795 2752 Eandem
1818 2726 2020 2766 perstringit
2042 2726 2096 2757 Π
2120 2728 2174 2759 23
