2411 3344
1215 107 1580 167 2'-—-.-,-

193 230 335 293 ipoenr
358 240 427 273 eos
454 230 628 295 deorum
654 229 996 284 benevolentiam,
1024 230 1099 270 cui
1119 229 1322 273 societatis
1350 233 1544 286 debeatur
1572 235 1880 289 opportunitas,
1907 237 2129 290 rejecturos
2156 253 2254 283 esse.

194 299 335 351 Atque
353 312 445 371 eam
460 312 556 339 ‚esse
582 306 623 337 et
649 295 893 336 iudustriam
923 295 1106 349 Philippi
1134 304 1175 337 et
1201 290 1481 350 prudentiam,
1511 307 1571 351 ut,
1597 298 1679 341 nisi
1707 300 1913 354 deponant
1939 304 2024 354 jam
2053 301 2250 347 desidiam

194 378 332 417 suam,
359 361 440 436 ipsi
467 360 622 418 patriae
649 358 769 400 saluti
797 360 1065 401 metuendum
1093 359 1157 400 sit.
1213 360 1352 416 Opem
1382 376 1483 402 vero
1510 363 1665 437 duplici
1694 363 1880 405 exercitu
1905 363 2120 409 ferendam
2151 382 2250 422 esse,

193 432 338 481 altero,
366 428 435 481 qui
462 427 560 467 fines
589 425 775 480 Philippi
803 433 914 480 petat
941 440 987 465 ac
1016 427 1310 480 depopuletur,
1334 426 1475 477 altero,
1505 427 1575 480 qui
1602 428 1704 482 ipsis
1733 418 1942 481 Olynthiis
1970 431 2091 473 adsit.
2119 434 2254 476 Pecu-

195 496 311 539 niam
342 509 423 536 non
460 489 737 542 defuimam,
751 491 976 532 dummodo
1004 490 1210 533 adhibere
1235 492 1286 533 ad
1321 491 1474 534 bellum
1513 490 1665 544 velint,
1710 508 1831 548 quam
1865 508 1976 538 nunc
2013 495 2064 537 ad
2099 488 2253 546 alienos

195 574 291 602 usus
319 557 567 598 diffundant.
622 558 767 608 Neque
796 556 933 596 deesse
960 557 1006 597 in
1034 558 1154 596 rebus
1180 557 1390 611 Philippi,
1419 557 1527 609 quod
1556 557 1603 597 in
1632 561 1896 600 commodum
1924 574 2045 601 suum
2074 573 2253 605 conver-

194 632 304 677 tant,
335 623 490 677 quippe
518 621 588 675 qui
617 635 693 663 nec
706 619 1004 663 Thessalorum
1030 636 1107 663 nec
1125 621 1337 664 Paeonum
1364 635 1439 664 nec
1465 620 1708 677 Illyriorum
1735 620 1815 664 fide
1842 623 1922 665 niti
1949 623 2090 680 possit.
2116 623 2253 679 Olyn-

193 692 315 733 thum
343 702 443 730 vero
472 700 604 726 unum
633 700 739 737 esse,
784 688 892 759 quod
928 687 1035 740 apud
1064 694 1230 726 exteros
1258 686 1458 738 habeant,
1494 689 1870 741 propugnaculum,
1908 702 1988 739 quo
2017 698 2251 744 expugnato

193 772 280 799 non
309 768 396 795 esse
424 751 615 805 amplius,
641 751 750 803 quod
777 752 826 790 ab
855 751 954 804 ipsis
983 749 1150 791 Atticae
1177 750 1326 792 finibus
1354 750 1595 806 Philippum
1622 760 1772 796 arceat.
1827 751 1976 794 Finem
2003 751 2102 794 facit
2129 769 2251 810 iepe·
2268 756 2293 759 “’

192 822 269 865 tita
297 819 348 862 ad
366 816 663 874 opitulandum
692 813 932 856 cohortatio.
1526 852 1539 867 0

335 882 521 925 Secunda
549 881 700 930 matio,
728 887 944 933 postquam
982 881 1027 921 in
1065 878 1239 922 exordio
1277 881 1630 937 opportunitatem
1656 882 1762 923 bello
1789 881 2046 937 Olynthiaco
2074 883 2252 926 oblatam

193 947 516 998 commendavit,
543 960 672 1001 paene
698 951 782 985 tota
810 952 1006 986 versatur
1023 941 1070 987 ιιι
1098 945 1220 987 iebus
1248 943 1441 1001 Philippi
1466 945 1757 998 desciibendis,
1786 961 1886 1001 quae
1914 947 2052 996 minus
2080 946 2251 991 videan-
2277 957 2285 961 ι

193 1029 263 1061 tui
290 1011 571 1056 formidabiles
598 1025 704 1061 esse,
738 1016 959 1064 piopterea
986 1011 1095 1063 quod
1123 1011 1240 1052 malis
1267 1010 1423 1053 autibus
1458 1010 1658 1063 conflatae
1691 1012 1785 1054 sint.
1842 1013 1942 1053 Non
1978 1013 2252 1055 cunctandum

192 1082 372 1131 idcirco,
415 1067 522 1131 quin
544 1083 712 1116 strenue
738 1082 988 1130 peragantur
1025 1076 1184 1128 omnia,
1227 1089 1329 1130 quae
1356 1077 1407 1117 ad
1435 1090 1558 1131 opem
1585 1074 1798 1117 ferendam
1837 1076 2085 1131 pertineant.
2143 1077 2251 1119 Om-

193 1149 296 1192 nino
325 1156 538 1196 nunquam
565 1141 698 1195 aliquo
727 1148 938 1181 momento
965 1139 1092 1182 fuisse
1126 1149 1372 1198 potestatem
1399 1141 1676 1184 Macedonum
1714 1142 1795 1182 nisi
1833 1156 1927 1182 cum
1963 1141 2042 1183 alia
2066 1142 2251 1195 quadam

195 1213 478 1267 conjunctam,
507 1214 548 1248 et
574 1220 668 1247 eum
696 1219 827 1259 neque
854 1205 1038 1247 subditos
1065 1221 1160 1247 suos
1188 1205 1406 1262 Philippus
1432 1207 1554 1261 plane
1579 1205 1661 1246 sibi
1688 1205 1789 1247 fidos
1817 1214 1857 1247 et
1884 1203 2065 1247 addictos
2092 1206 2252 1261 habeat,

194 1279 266 1334 qui
291 1277 499 1318 bellorum
526 1272 819 1313 continuorum
848 1271 1015 1313 miseria
1041 1279 1309 1327 premantur,
1336 1280 1468 1325 neque
1493 1271 1658 1324 milites,
1686 1286 1863 1325 quorum
1879 1273 2040 1313 :multos
2067 1279 2160 1314 tum
2187 1272 2252 1315 ef·

193 1344 286 1386 fusa
314 1340 468 1397 gloriae
495 1336 689 1393 cupidine
717 1344 808 1378 tum
835 1337 1000 1380 luxuria
1026 1337 1262 1390 offenderit,
1290 1351 1393 1381 mox
1420 1334 1778 1390 interituras‘ejus
1802 1338 1902 1393 opes
1930 1352 2031 1390 esse,
2058 1336 2132 1378 ubi
2159 1338 2253 1393 priv

193 1421 313 1452 mum
342 1418 559 1447 concussae
586 1402 753 1444 fuerint.
808 1403 921 1456 Ergo
950 1403 1108 1455 majore
1136 1402 1417 1444 Athenienses
1441 1401 1718 1457 prosperitate
1744 1417 1888 1455 rerum
1915 1402 1998 1455 uti,
2026 1402 2251 1445 dummodo

194 1472 394 1517 intentius
423 1484 552 1524 agere·
570 1475 690 1522 atque
718 1468 941 1509 concordes
969 1467 1082 1509 idem
1108 1467 1327 1509 consilium
1355 1466 1554 1521 persequi
1575 1466 1715 1509 velint.
1882 1508 1887 1511 ,

266 1578 268 1580 ,
330 1535 477 1583 Tertia
503 1533 636 1574 oratio
664 1546 714 1573 eo
742 1532 913 1574 consilio
941 1533 1080 1574 habita
1103 1533 1282 1585 videtur,
1310 1540 1356 1573 ut
1383 1532 1453 1586 qui
1469 1532 1532 1573 'ad
1553 1530 1714 1573 ‘bellum
1741 1531 1904 1573 sumtus‘
1927 1532 2016 1574 fieri
2042 1533 2251 1585 deberent,

193 1621 218 1647 e
245 1599 435 1646 theatrali
470 1598 667 1655 pecunia,
695 1611 796 1651 quae
830 1598 1061 1650 dicebatur,
1101 1604 1402 1652 repeterentur.
1460 1597 1579 1652 Quae
1615 1611 1683 1638 res
1710 1610 1839 1651 quum
1866 1596 2070 1638 invidiosa
2095 1599 2250 1653 populo

191 1677 297 1712 esset
324 1666 486 1722 ipsique
514 1664 670 1704 oratori
697 1663 941 1717 periculosa,
971 1663 1125 1716 agenda
1152 1663 1211 1703 sic
1238 1671 1340 1715 erat,
1367 1670 1415 1703 ut
1441 1664 1508 1704 vel
1535 1662 1734 1704 maxime
1748 1661 2017 1704 necessariam
2046 1676 2136 1703 eam
2156 1677 2251 1704 esse

193 1737 423 1791 appareret.
479 1729 745 1783 Quapropter
772 1735 988 1782 postquam
1017 1740 1161 1769 lerum
1195 1734 1363 1769 statum
1390 1739 1547 1782 magna
1566 1734 1607 1768 et
1630 1737 1743 1768 cura
1760 1724 1802 1768 et
1827 1726 2001 1768 consilio
2027 1740 2149 1781 egere
2170 1727 2252 1769 41οὸ

192 1795 454 1845 monstravit,
482 1808 550 1844 ac,
588 1793 826 1834 dehortatus
860 1792 969 1835 cives
997 1806 1142 1835 rerum
1168 1788 1488 1848 praeteritarum
1515 1785 1721 1834 memoria
1747 1808 1770 1833 a
1796 1791 1939 1848 priore
1966 1791 2172 1844 socordia,
2192 1788 2252 1833 de

193 1861 433 1907 necessitate
460 1857 606 1899 auxilii
631 1851 868 1907 admonuit,
905 1857 987 1898 hoc
1014 1852 1219 1929 quomodo
1246 1855 1467 1898 ferendum
1494 1855 1566 1897 sib*
1574 1855 1780 1897 indicatui
1773 1870 1830 1897 us
1837 1882 1850 1909 ,
1885 1855 2136 1929 abrogandas
2162 1869 2250 1898 esse

192 1929 301 1983 leges
330 1924 489 1974 suadet,
517 1935 619 1976 quae
644 1923 753 1975 justo
780 1921 990 1965 theatralis
1018 1921 1217 1976 pecuniae
1243 1921 1293 1962 ad
1321 1921 1475 1962 bellum
1502 1920 1595 1961 usai
1618 1917 1818 1963 officiant.
1845 1922 1991 1974 Neque
2017 1921 2132 1962 enim
2160 1916 2251 1960 suf-

191 1992 314 2033 ficere
341 1986 641 2044 psephismata,
684 1986 766 2025 nisi
800 1986 1023 2038 peragendi
1059 2000 1220 2046 quoque
1258 1987 1368 2037 quod
1397 1987 1609 2026 decretum
1636 1986 1691 2023 sit
1718 1986 1905 2026 voluntas
1931 1987 2116 2036 accedat,
2153 1999 2250 2038 gra·

192 2057 311 2099 viom
337 2060 474 2095 autem
502 2050 791 2101 incitamenta,
820 2063 942 2102 quam
969 2063 1071 2103 quae
1097 2042 1202 2090 bello
1230 2048 1315 2090 sint
1325 2048 1593 2104 Olynthiaeo,
1621 2047 1806 2090 incidere
1833 2062 1919 2090 non
1951 2062 2083 2103 posse,
2110 2047 2247 2112 itaque

192 2120 320 2162 missa
348 2116 464 2158 omni
491 2114 644 2168 gratiae
679 2112 910 2167 captatione
926 2118 986 2164 *),
1009 2113 1091 2185 ἑιιίι
1126 2113 1208 2153 nisi
1245 2115 1415 2153 salutem
1444 2114 1601 2183 patriae
1627 2113 1895 2167 spectandum
1924 2123 2022 2157 ease
2078 2114 2248 2154 Gratiae

183 2176 308 2230 venim
335 2197 423 2225 esse
449 2178 564 2222 illam
592 2177 917 2230 affectationem,
953 2177 1041 2217 cui
1051 2176 1253 2240 deterior,
1280 2189 1383 2230 quae
1411 2187 1527 2218 nune
1535 2174 1623 2227 sit,
1661 2174 1839 2218 civitatis
1858 2174 2088 2227 conditio,
2105 2176 2249 2233 impu-

192 2251 274 2294 tari
302 2249 464 2297 debeat,
498 2255 600 2298 qnae
627 2244 736 2297 quod
762 2242 923 2284 felicior
950 2236 1051 2283 olim
1080 2241 1226 2293 fuerit,
1244 2236 1342 2283 'hoc
1378 2241 1469 2296 ipso
1489 2240 1790 2295 explicandum
1815 2255 1925 2293 esse,
1964 2241 2073 2304 quod
2099 2238 2263 2296 quibus,

191 2317 315 2361 rebus
345 2326 457 2355 nunc
482 2325 507 2351 a
534 2308 860 2351 moderatoribus
881 2306 1129 2364 reipublicae
1158 2306 1313 2349 civium
1340 2300 1471 2360 gratia
1499 2304 1638 2361 appeti
1666 2301 1837 2358 soleat,
1850 2306 1900 2350 de
1926 2305 1979 2345 iis
2004 2319 2127 2349 nemo
2154 2315 2246 2352 tum

190 2382 404 2436 quisquam
433 2371 686 2430 cogitaverit.
742 2375 903 2429 Quodsi
930 2374 1058 2428 igitur
1083 2372 1206 2413 etiam
1230 2387 1348 2413 nunc
1375 2372 1484 2413 cives
1511 2385 1701 2413 recusare
1728 2371 1871 2412 velint
1884 2378 2025 2425 turpes
2052 2371 2139 2412 illas
2159 2380 2247 2418 tar-

192 2449 387 2503 gitiones,
422 2441 567 2497 quibus
604 2438 783 2482 devincti
818 2446 1035 2481 teneantur
1072 2451 1300 2494 paucorum
1336 2436 1594 2491 quorundam
1627 2435 1793 2489 studii-s,
1831 2450 1948 2492 spem
1984 2436 2117 2479 adhuc
2143 2452 2253 2491 esse,

192 2512 284 2555 fore
312 2520 357 2553 ut
384 2510 430 2569 in
458 2507 677 2560 meliorem
704 2512 855 2564 statum
878 2519 949 2565 res
977 2517 1070 2574 suas
1096 2502 1326 2569 restituant

430 2598 433 2602 ·
462 2610 723 2632 --1—r--·„-.··-⁹
1040 2599 1079 2623 .;
1105 2605 1131 2625 1-
1163 2610 1236 2627 m„
1242 2579 1312 2628 ιζ,
1548 2602 1589 2627 m
1868 2609 1877 2623 ι
1924 2593 1957 2620 ’τε

326 2663 370 2706 ·)
395 2661 552 2694 &naam
574 2615 910 2704 aum-apuam
917 2659 1062 2703 populi,
1080 2654 1144 2703 qai·
1160 2656 1458 2690 *elman-rant
1481 2654 1629 2689 alio-m
1651 2656 1815 2700 pecuniae
1839 2652 2017 2689 theatralis
2039 2665 2161 2697 usum,
2185 2654 2240 2687 vel
2299 2675 2303 2677 -

391 2716 599 2772 servandum
622 2714 817 2752 censebant.
862 2708 1379 2755 Boukasa-maleus
1401 2710 1434 2747 d.
1458 2710 1611 2744 Ataener
1634 2710 1681 2745 '12⁴
1702 2711 1740 2750 1,
1764 2721 1798 2753 p.
1821 2706 1899 2742 242,
2054 2727 2056 2729 -
