2411 3344
808 121 1030 146 ,----
1179 88 1564 152 4-4...-

164 212 270 267 vero
306 233 486 266 numero
520 217 597 261 his.
629 216 744 260 mille
778 180 917 273 gravis
958 224 1191 264 amamus
1221 215 1377 263 milites
1414 217 1466 263 Tct
1502 224 1732 263 usum
1747 220 1930 323 emita
1953 220 2003 266 in
2047 221 2220 266 navibus

164 290 397 341 ἱππηγοῖς,
423 299 471 326 ac
498 285 718 349 Charetem
744 280 872 322 totius
902 282 1198 336 expeditionis
1208 285 1404 327 ducem-‘⁴
2233 336 2235 338 V

295 353 366 395 De
393 358 601 406 tempore,
628 360 709 402 quo
737 330 924 390 auxiliati
952 345 1048 390 sint
1053 345 1354 402 Athenienses,
1380 355 1428 391 ut
1454 351 1752 406 subjungantur
1767 306 1998 404 nonnulla,
2014 327 2136 397 facile
2158 362 2220 397 οη

162 420 215 461 ad
241 397 563 470 exquirendum,
592 412 727 465 ipsam
756 412 998 465 Olynthum
1033 419 1143 452 tum
1159 414 1348 454 nondum
1369 414 1581 455 obsessam
1607 415 1746 459 fuisse.
1780 416 1894 472 Ipso
1926 416 2040 457 enim
2073 418 2238 461 Philo„

161 484 313 529 chorus
341 493 441 534 quae
467 477 639 520 tradidit
667 475 920 521 Callimacho
945 476 1145 521 uchonte
1171 477 1277 521 facta
1303 493 1391 522 esse
1417 478 1529 522 dicit.
1584 478 1817 536 Dionysius
1842 489 1994 534 autem,
2020 495 2143 537 quem
2170 485 2219 528 in

161 565 219 599 00
238 558 398 602 qnoque
431 543 628 586 credibile
662 550 746 595 est,
781 550 974 585 secutum
1009 543 1330 586 Philochorum
1341 543 1499 596 fnium·
1534 544 1832 588 Callimachum
1867 547 2080 603 perhibet
2087 562 2218 591 exca—

157 614 268 670 pisae
295 609 611 663 Theophilum,
656 621 737 661 quo
775 608 944 661 quidem
985 608 1184 651 archonte
1215 609 1437 684 Philippus
1475 609 1715 664 Olynthum
1748 612 1920 664 ceperit.
1956 611 2057 666 (ad
2067 612 2216 668 Amin,

157 680 305 727 c‚.10)
369 675 463 715 Hoc
498 672 625 714 etiam
644 667 872 715 'Diodorus
905 673 1147 726 affirmavit,
1194 673 1266 728 qni
1308 682 1349 720 ot
1388 675 1478 731 ipae
1520 674 1702 718 dirutam
1725 675 1976 730 Olynthum
2019 678 2217 723 arclionto

157 740 400 798 Theophilo
430 738 540 779 dixit
568 737 706 790 (XVI,
742 741 830 787 63)
886 737 1097 779 Discimus
1125 746 1336 795 praeterea
1374 754 1429 781 ex
1461 738 1713 782 Philochoro
1750 739 1822 792 (cf.
1848 740 2112 799 Theopomp.
2143 757 2219 801 ap.
2227 731 2230 733 ’

158 809 325 853 Athen.
354 805 419 856 X,
446 820 488 860 p.
510 807 619 856 436,
648 805 697 845 C.
724 804 827 856 XII,
854 819 899 859 p.
931 807 1025 849 532.
1052 807 1103 846 D.
1129 807 1203 857 E),
1232 804 1568 847 Chalcidensibus
1598 805 1897 848 Charidemum
1924 821 2046 861 opem
2074 810 2218 857 tulisse

155 881 200 918 et
225 869 467 916 consociatis
492 867 802 925 Olynthiorum
828 867 972 924 copiis.
985 869 1180 911 Pallenen
1206 877 1326 924 atque
1353 869 1580 912 Bottiaeam
1609 870 1857 923 devastasse,
1882 871 1995 926 quod
2021 870 2112 915 fleri
2141 865 2238 917 vix'

154 946 340 993 poterat,
378 935 428 975 si-
450 937 594 974 eodem
623 942 814 985 tempore
841 934 1057 985 Olynthus
1077 932 1118 975 ἐ
1147 934 1346 987 Philippo
1371 936 1542 975 obsessa
1578 934 1734 987 finisset.
1765 934 1880 989 ‘Ipso
1903 937 2217 978 *Demosthenen

155 1004 230 1057 (de
254 1000 345 1045 fals.
372 1000 450 1054 leg.
480 999 516 1052 §.
543 1000 664 1048 266.)
688 995 887 1054 Philippo
916 1007 1056 1041 narrat
1092 997 1360 1054 pugnandum
1393 996 1521 1042 fuisse
1558 997 1653 1042 cum
1689 998 1823 1043 valido
1859 999 2046 1044 exercitu
2073 1000 2216 1057 Olyn-

154 1069 343 1109 thiorum
371 1071 413 1104 et
439 1056 784 1114 Atheniensium,
816 1070 969 1103 tantam
999 1078 1100 1104 vero
1127 1064 1394 1119 proditorum
1421 1071 1599 1118 segetem
1628 1064 1821 1104 diffusam
1847 1064 1973 1105 fuisse
1998 1079 2074 1121 per
2089 1067 2218 1108 Chal-

153 1130 383 1176 cidensium
428 1128 581 1186 oppida
615 1127 728 1178 (duo
766 1136 808 1171 et
843 1128 1014 1185 triginta
1049 1127 1158 1174 Phil.
1187 1129 1266 1182 III,
1305 1135 1359 1175 26
1390 1128 1633 1181 dicuntur),
1672 1138 1724 1172 ut
1757 1138 1875 1186 capta
1908 1128 2067 1173 fuerint
2093 1139 2231 1187 anteax

152 1211 277 1254 quam
303 1208 437 1237 annus
461 1192 747 1250 praeterierim
775 1200 814 1234 et
844 1194 1014 1247 Olynth.
1046 1199 1088 1246 1,
1119 1200 1172 1239 17
1199 1194 1342 1237 suadet
1368 1194 1549 1248 civibus,
1586 1202 1633 1238 ut
1672 1195 1827 1251 duplici
1854 1195 2039 1236 exercitu
2069 1196 2212 1253 Olyn-
2223 1242 2229 1246 ,

152 1264 262 1307 thies
297 1262 512 1314 adjuvent,
554 1274 730 1313 quorum
765 1261 892 1302 altero
927 1260 1077 1301 sociata
1113 1259 1334 1314 Olynthiis
1370 1260 1524 1316 oppida
1565 1269 1808 1313 serventur,
1852 1262 1981 1302 altero
2016 1262 2065 1303 in
2100 1262 2214 1318 ipsos

150 1325 421 1376 Macedoniae
448 1325 548 1369 fines
575 1325 758 1368 incursio
784 1325 913 1368 fieret.
947 1325 1060 1368 Haec
1087 1325 1229 1368 omnia
1255 1324 1292 1367 si
1319 1334 1682 1379 consummantur,
1708 1326 1862 1379 bellum
1888 1326 1934 1368 in
1963 1340 2044 1381 quo
2072 1325 2214 1369 Athea

150 1396 315 1439 nienses
342 1392 511 1445 quidem
537 1391 706 1436 aderant
733 1386 973 1446 Olynthiis,
1008 1406 1084 1447 per
1119 1391 1219 1433 anni
1246 1390 1335 1432 fere
1361 1381 1541 1446 spatium
1570 1392 1621 1432 de
1648 1390 1813 1447 oppidis
1840 1390 1920 1433 illis
1942 1399 2107 1445 gestum
2136 1396 2214 1444 est,

150 1460 392 1515 priusquam
436 1456 651 1513 Olynthus
695 1456 785 1512 ipsa
827 1457 1042 1499 obsidione
1085 1456 1333 1511 cingeretur.
1414 1455 1496 1498 His
1545 1456 1677 1497 etiam'
1720 1457 1972 1512 respondent
2017 1471 2118 1511 quae
2158 1445 2214 1498 ab*

149 1523 362 1568 Aeschine
389 1522 607 1564 traduntur
634 1522 716 1571 (de
743 1521 831 1562 fals.
860 1523 935 1575 leg.
967 1522 1004 1575 §.
1036 1524 1245 1571 12—15).
1310 1522 1421 1561 Nam
1449 1521 1526 1561 etsi
1565 1522 1628 1573 (§·
1660 1525 1752 1570 16.)
1782 1522 1901 1562 multi
1930 1521 2210 1574 Athenienses

150 1590 345 1633 dicuntur
374 1586 566 1642 Olyntho
595 1594 712 1641 capta
739 1587 784 1629 in
814 1602 959 1628 manus
989 1586 1172 1642 Philippi
1201 1585 1415 1638 incidisse,
1453 1601 1507 1627 ex
1544 1585 1596 1626 iis
1625 1594 1782 1639 tamen,
1818 1601 1921 1640 quae
1947 1594 2040 1641 post
2067 1587 2209 1641 olym-

147 1654 282 1710 piadis
310 1651 556 1694 centesimae
591 1660 756 1692 octavae
792 1652 960 1693 initium
991 1651 1171 1692 Athenis
1203 1658 1371 1706 peracta
1406 1666 1494 1692 esse
1527 1650 1741 1704 feruntur,
1783 1651 1994 1708 probabile
2030 1660 2090 1692 est
2124 1653 2208 1693 hoc

146 1728 337 1775 tempore
363 1717 502 1772 copias
532 1732 618 1757 non
647 1717 823 1770 amplius
854 1717 1095 1771 Olynthum
1125 1717 1267 1757 missas
1295 1732 1393 1757 esse.

288 1780 577 1826 Memoiabilia
605 1788 703 1822 sunt
731 1796 784 1821 ex
814 1780 900 1832 his,
930 1795 1030 1834 quae
1059 1781 1109 1822 de
1134 1780 1311 1822 histmia
1339 1779 1585 1836 Olynthiaci
1612 1780 1707 1822 belli
1735 1780 1866 1833 attuli,
1894 1780 2079 1823 maxime
2105 1796 2210 1835 quae

148 1849 199 1891 de
227 1837 381 1903 triplici
417 1845 572 1886 auxilio
602 1844 822 1900 Olynthiis
850 1845 1049 1900 praestito
1078 1860 1101 1886 a
1128 1843 1381 1887 ΡὴίΙοάιοιο
1414 1852 1648 1887 narrantur.
1705 1844 1848 1900 Quum
1892 1843 2004 1887 enim
2052 1854 2112 1887 tot
2154 1848 2205 1888 ab

146 1910 477 1955 Atheniensibus
507 1910 793 1963 expeditiones
821 1917 1031 1963 susceptae
1058 1911 1296 1960 tradantur,
1326 1918 1424 1961 quot
1451 1925 1474 1950 a
1501 1910 1782 1950 Demosthene
1808 1910 2013 1951 orationes
2041 1911 2207 1952 habitae

144 1984 259 2029 sunt,
289 1974 500 2032 probabile
527 1973 705 2024 videtur,
734 1972 904 2027 singulis
933 1973 1012 2014 illis
1031 1973 1339 2029 Olynthiorum
1366 1974 1635 2028 legationibus
1664 1973 1841 2028 singulas
1868 1975 2206 2030 quoquenemoe

145 2042 302 2084 athenis
341 2040 552 2082 orationes
591 2035 867 2092 reapondisse.
929 2039 1024 2078 Hoc
1057 2038 1186 2091 igitur
1224 2053 1327 2079 num
1369 2040 1490 2079 statui
1531 2039 1684 2093 possit,
1734 2049 1830 2080 ante
1868 2040 2013 2080 omnia
2057 2041 2205 2088 viden-j

145 2108 247 2149 dum
276 2112 351 2147 est.

282 2171 437 2213 Fidem>
474 2166 737 2218 Philochori,
777 2179 1025 2220 quamquam
1069 2166 1114 2208 in
1149 2168 1429 2221 suscipionem
1464 2176 1648 2209 vocatam
1685 2182 1710 2208 a
1742 2168 1974 2220 nonnullis,
2020 2184 2103 2211 non
2140 2177 2204 2215 est

144 2237 254 2290 quod
281 2236 585 2288 impugnemus.
624 2233 689 2272 De
716 2244 794 2283 qua
823 2245 945 2271 nemo
975 2230 1198 2282 dubitabit,
1227 2232 1296 2283 qui
1319 2233 1390 2272 vel
1417 2239 1591 2272 aetatem
1620 2232 1706 2284 ejus
1733 2230 1931 2287 (Olymp.
1965 2237 2056 2275 118.
2082 2233 2204 2278 Lena

141 2298 384 2342 Philochori
411 2297 606 2349 reliquiae
633 2311 673 2350 p.
701 2299 742 2343 3)
781 2296 891 2335 haud
929 2296 988 2335 ita
1021 2297 1140 2348 longe
1179 2298 1404 2346 sejunctam
1442 2311 1465 2336 a
1501 2296 1586 2335 vita
1611 2296 1931 2346 Demosthenis,
1979 2299 2043 2339 vel
2070 2299 2203 2339 ratio-

144 2381 241 2408 nem
270 2362 390 2415 libri,
419 2362 489 2415 qui
518 2361 568 2401 ab
597 2360 713 2401 omni
741 2359 836 2400 fuco
865 2359 1065 2401 orationis
1092 2359 1245 2400 alienus
1274 2359 1462 2414 ipsarum
1496 2367 1657 2418 tantum
1683 2375 1829 2402 rerum
1854 2361 2070 2403 veritatem
2099 2377 2201 2405 con-

144 2430 394 2477 sectabatur,
425 2427 490 2467 vel
517 2432 745 2466 accuratam
776 2432 818 2465 et
845 2425 1147 2479 imperatorum
1183 2431 1223 2464 et
1261 2425 1439 2465 militum
1471 2425 1740 2478 naviumque,
1790 2438 1886 2477 quas
1914 2426 1959 2466 in
1992 2426 2201 2469 *auxilium

143 2496 354 2536 sociorum
383 2491 663 2533 Athenienses
699 2489 928 2541 misissent,
970 2489 1406 2532 commemorationem
1441 2505 1582 2532 secum
1620 2490 1890 2546 reputaverit.
1956 2490 2097 2546 Atque
2138 2501 2201 2536 est

144 2567 357 2616 praeterea
382 2555 654 2613 Theopompi
682 2556 843 2609 aliquod
874 2555 997 2609 (apud
1025 2554 1292 2596 Athenaeum
1318 2571 1360 2611 p.
1389 2559 1490 2609 436,
1520 2557 1574 2611 C)
1602 2554 1908 2609 testimonium,
1937 2570 2016 2609 quo
2046 2557 2198 2599 Chari-

145 2622 287 2666 demus
317 2623 466 2664 dicitur
496 2620 737 2664 insolentius
767 2636 808 2661 se
835 2620 1005 2674 gessisse
1032 2621 1226 2662 adversus
1255 2621 1505 2676 Olynthios,
1536 2621 1642 2674 quod
1673 2620 1747 2661 vix
1775 2628 1836 2677 est
1862 2634 1942 2673 quo
1969 2622 2199 2666 referamus

145 2691 224 2732 nisi
250 2690 303 2730 ad
331 2688 443 2730 illam
481 2688 532 2729 de
566 2702 644 2741 qua
671 2685 941 2729 Philochorus
976 2683 1108 2739 dixit,
1145 2685 1385 2728 Charidemi
1420 2686 1743 2741 expeditionem.
1798 2687 1984 2729 Fuerunt
2018 2688 2196 2741 quidem,
