2411 3344
835 76 1217 147 ...ὲ-...ιε

178 236 199 259 ·-,
229 256 235 259 t
283 217 435 259 rotet
460 229 516 256 ex
549 215 634 271 luo,
660 214 897 261 οιιιιὲαιιιιι
920 187 1220 264 descriptione,
1261 210 1423 264 prima
1397 210 1705 260 ‘demonstran
1731 210 1892 261 {auxilii
1929 209 2224 264 necessitatemg

180 286 308 328 altera
332 281 515 337 Philippi
543 280 824 323 conditionem
850 274 1072 332 explicari,
1114 274 1234 322 tertis
1270 275 1466 333 pecuniae
1491 268 1710 321 theatralis
1745 276 1797 319 ad
1826 275 1976 319 bellum
2004 271 2224 318 conferen-

179 350 268 392 dne
276 347 579 390 mutuom
588 341 764 389 oswadi.
816 341 936 384 Unde
961 341 998 383 si
1025 342 1232 387 conclusio
1257 342 1348 384 fieri
1375 351 1511 398 potest
1537 344 1587 382 de
1615 343 1763 383 caussis
1792 357 1841 383 01
1842 342 2049 391 ationum‚
2085 347 2225 381 orator

178 424 264 456 non
290 415 425 455 solum
452 413 549 452 hoc
559 410 687 468 egisse
713 408 914 470 putandus
942 415 1024 469 est,
1073 416 1139 449 ut
1154 409 1207 449 de
1241 407 1410 453 ferendo
1448 407 1602 449 auxilio
1638 410 1902 463 persuaderet
1938 405 2096 449 civibus
2125 404 2222 459 suis,

175 479 248 523 sed
274 470 405 528 etiam.
426 484 474 520 ut
501 477 552 519 de
578 471 715 517 medio
743 466 940 527 tolleret,
947 482 1051 528 'quae
1077 471 1326 528 suscipiendi
1354 472 1447 514 belli
1475 473 1676 516 successui
1704 472 1874 514 fortasse
1889 473 2118 524 officerent,
2142 483 2223 524 quo

175 545 267 598 quis
293 547 415 596 neget
442 550 501 583 et
510 539 661 593 hostis,
674 552 813 591 quem
839 539 1069 592 aggressuri
1102 546 1243 591 erant,
1280 546 1436 581 metum
1464 546 1505 578 et
1531 543 1689 579 sumtus
1725 538 1902 579 faciendi
1940 538 2222 579 difficultatem

173 604 478 667 pauliniane?
481 602 714 661 praestiti
723 609 860 649 auten
886 602 1033 646 auxilii
1049 617 1185 663 quum
1219 614 1418 658 nusquam
1453 603 1532 644 ulla
1567 590 1723 644 mentio
1764 602 1852 655 fiat,
1903 602 1999 655 quid
2037 601 2222 656 apertius

174 683 263 714 me
290 671 487 720 videtur„
503 676 645 723 quani
655 667 762 711 nihil
789 669 889 712 dum
916 657 1071 711 fastum
1098 684 1184 710 esse
1216 671 1268 710 ab
1303 669 1629 710 Atheniensibus
1664 669 1710 710 iu
1744 669 1944 709 auxilium
1981 667 2221 726 socioium?

172 736 265 783 Nec
298 750 397 777 vero
434 732 615 775 defuisse
647 732 919 776 Demostheni
956 723 1119 777 dicendi
1155 734 1338 789 copiam,
1384 733 1480 776 inde
1517 732 1779 787 intelligitur,
1820 733 1926 786 quod
1964 733 2014 773 de
2053 747 2100 773 re
2134 738 2221 772 tam

172 799 322 856 gravi,
346 800 401 841 de
427 812 506 853 qua
534 812 618 840 non
651 798 776 840 modo
804 797 904 852 quid
938 798 1010 839 sed
1045 798 1170 840 etiam
1198 800 1402 853 quomodo
1438 798 1554 840 fieret
1587 799 1902 840 consultandum
1930 805 2036 847 er,at
2081 798 2220 850 plures

173 864 367 908 credibile
395 872 456 905 est
482 864 700 907 conciones
727 863 884 906 habitas
911 878 1018 917 esse,
1046 865 1289 920 praesertim
1318 880 1442 919 quum
1473 865 1719 907 exsisterent
1746 863 1893 915 etiam,
1935 862 2005 916 qui
2034 862 2222 917 corrupti

171 928 417 985 s2Phtlippo
437 927 1016 989 ‘Olynthiisadversareutur-
1072 930 1210 983 Itaque
1237 930 1540 979 siderivantus
1568 945 1623 972 ex
1654 929 1853 983 historia,
1896 942 1997 982 quae
2032 927 2110 968 alia
2145 940 2221 969 nos

170 1002 363 1038 statuere
373 996 558 1049 jubeant,
583 994 831 1048 'gravissima
856 1008 905 1037 ea
930 994 1127 1049 profecto
1144 1011 1230 1039 esse
1260 997 1447 1053 debent.

246 1144 249 1147 y
305 1092 569 1135 Hauriuntur
596 1108 698 1134 vero
726 1099 828 1148 quae
865 1092 916 1134 de
945 1092 1137 1135 societate
1162 1094 1213 1136 ab
1241 1093 1459 1150 Olynthiis
1490 1109 1584 1135 cum
1612 1092 1939 1135 Atheniensibus
1966 1090 2073 1132 facta
2101 1097 2221 1146 atque

163 1158 220 1202 de
244 1158 350 1201 taello
379 1172 522 1200 eorum
541 1172 638 1199 cum
651 1158 846 1214 Philippo
873 1166 986 1213 gesto
1013 1158 1245 1211 traduntur,
1273 1167 1437 1214 plaeter
1465 1175 1525 1212 ea,
1553 1174 1653 1214 quae
1679 1160 1788 1215 apud
1815 1159 1954 1213 ipsum
1971 1156 2222 1203 Demosthe-

166 1223 267 1267 nem
301 1223 506 1280 leguntur,
534 1238 557 1264 e
584 1222 744 1265 Justino
775 1226 838 1277 (8,
864 1230 891 1270 3
902 1227 930 1276 ,)
968 1238 990 1265 e
1028 1223 1213 1266 Οἱοᾶοιο
1241 1224 1379 1266 Siculo
1408 1225 1649 1277 (XV1,52.
1680 1224 1788 1279 63.,)
1820 1223 1995 1277 denique
2023 1237 2047 1263 e
2074 1221 2219 1274 Philo-

167 1287 295 1342 chori
313 1290 554 1346 quibusdam
580 1286 643 1331 fra
716 1289 822 1336 entis
850 1295 873 1330 a
899 1289 1108 1346 Dionysio
1136 1290 1447 1331 Halicarnasseo
1476 1290 1736 1332 conservatis.
1763 1289 1972 1331 Diodorus
2000 1296 2219 1343 postquam

166 1355 330 1409 motum
357 1370 442 1406 esse
471 1353 665 1396 Gallinae
697 1357 722 1395 o
749 1343 947 1397 arcllome
975 1352 1061 1410 (01
1092 1359 1193 1408 101,
1228 1357 1266 1402 4-
1295 1357 1381 1402 349
1408 1370 1445 1398 8.
1474 1356 1598 1407 Chr)
1626 1355 1812 1411 Philippi
1847 1368 1943 1396 cum
1971 1353 2219 1395 Chalciden·-

165 1419 277 1460 sibus
303 1420 478 1470 bellum,
508 1411 734 1473 Giramque
761 1427 803 1460 et
829 1419 906 1477 alia
932 1420 1086 1475 oppida
1122 1428 1253 1481 capta
1274 1422 1324 1461 ab
1358 1435 1408 1461 eo
1442 1436 1529 1463 esse
1564 1420 1747 1471 monuit,
1792 1427 2043 1473 sequentes
2020 1418 2218 1459 archonte

164 1483 403 1540 Theophilo
430 1483 672 1540 Philippum
700 1492 840 1526 narrat
866 1474 962 1540 post
991 1492 1151 1541 captam
1174 1486 1476 1540 Mecybernam
1505 1493 1546 1527 et
1561 1486 1762 1527 Toronen
1791 1499 1884 1525 cum
1914 1498 2065 1558 magno
2094 1497 2218 1525 exer-

165 1549 251 1601 citu
276 1549 515 1603 Olynthum
542 1548 736 1603 petivisse
758 1549 1001 1603 civibusque
1030 1551 1185 1593 duobus
1212 1550 1379 1605 proeliis
1406 1549 1557 1604 fugatis
1584 1550 1798 1591 obsidione
1823 1549 2016 1590 cinxisse.
2063 1549 2112 1590 In
2140 1563 2219 1603 op-

165 1612 395 1669 pugnandis
423 1620 560 1655 autem
588 1613 803 1655 moenibus
834 1613 993 1655 etiamsi
1021 1616 1170 1656 multos
1198 1614 1348 1656 milites
1376 1614 1619 1670 perdiderit,
1647 1622 1786 1656 tamen
1815 1614 2020 1669 corruptis
2049 1614 2218 1669 Euthy-

165 1686 275 1721 crate
311 1685 352 1718 et
388 1678 595 1719 Lasthene
631 1679 892 1732 praetoribus
937 1676 1050 1719 urbis
1089 1679 1244 1734 cepisse
1286 1680 1397 1720 illam
1435 1688 1475 1720 et
1509 1680 1617 1721 cives
1663 1681 1737 1720 sub
1782 1694 1934 1720 corona
1973 1679 2217 1719 vendidisse.

162 1741 388 1784 Auxilium
411 1744 465 1798 ab
494 1742 825 1785 Atheniensibus
848 1737 1092 1798 praestitum
1121 1743 1230 1784 haud
1258 1752 1577 1795 commemorat,
1606 1757 1850 1797 quamquam
1878 1758 1913 1786 c.
1943 1749 1997 1787 52
2025 1743 2218 1785 universe
2280 1749 2284 1752 ’

164 1806 567 1855 ᾶίοἰι,ΑιῙιειιίειιεεε
596 1815 825 1849 commotos
852 1806 1047 1863 inprimis
1074 1808 1368 1849 Demosthenis
1396 1809 1624 1864 eloquentia
1650 1809 1835 1850 offecisse
1868 1822 1997 1861 usque
2021 1808 2219 1863 Philippo

163 1872 209 1914 in
237 1872 349 1913 bellis
379 1867 420 1911 et
446 1871 781 1926 expeditionibus
809 1873 908 1923 ejus.

246 2001 257 2011 .
298 1968 539 2009 Philochori
566 1970 679 2008 locus
707 1971 793 2022 (apt
818 1950 1001 2022 Dionys.
1029 1970 1080 2009 ad
1108 1969 1255 2023 Amm-
1282 1985 1317 2013 c.
1345 1975 1383 2015 9.
1409 1969 1597 2012 Philoch.
1625 1970 1687 2010 ed.
1714 1970 1829 2026 Lenz
1856 1986 1897 2024 p.
1928 1972 2001 2020 73)
2038 1969 2107 2028 hic
2134 1978 2214 2011 est:

163 2032 423 2077 Callimacho
443 2032 639 2074 archonte
668 2030 958 2086 Athenienses*
974 2047 1071 2075 cum
1099 2033 1338 2089 Olynthiis,
1375 2033 1445 2088 qui
1481 2034 1587 2075 bello
1614 2048 1637 2079 a
1664 2034 1859 2089 Philippo
1886 2034 2026 2090 petiti,
2062 2035 2216 2089 legatos

163 2097 353 2140 Athenas
383 2097 603 2146 miserant,
633 2104 674 2136 et
701 2097 937 2136 societatem
963 2097 1150 2137 fecerunt
1176 2105 1217 2136 et
1243 2099 1395 2137 auxilia
1422 2099 1474 2137 iis
1503 2100 1729 2148 miserunt,
1766 2101 1955 2151 peltastas
1990 2099 2054 2139 bis
2091 2101 2216 2152 mille,

163 2162 356 2218 fiii-emes
383 2164 521 2203 autem
547 2159 724 2202 Charete
752 2161 855 2202 duce
880 2159 1052 2214 triginta
1079 2175 1222 2215 easque
1249 2161 1515 2205 instructas.“
1569 2162 1683 2204 Tum
1711 2162 1849 2217 paucis
1879 2154 2120 2217 quibusdam
2148 2164 2217 2206 in·

164 2227 364 2281 terjectis':
421 2227 615 2278 „Eodem
633 2233 837 2280 ·tempore
874 2224 1208 2267 Chalcidensibus
1243 2226 1289 2267 in
1322 2227 1525 2278 Thracia,
1569 2241 1695 2279 quum
1733 2226 2073 2274 labefactarentur
2110 2231 2216 2271 bello

165 2294 395 2349 legatosque
425 2290 611 2332 Athenas
638 2289 870 2343 misissent,
907 2289 1202 2334 Charidemum
1232 2290 1456 2344 miserunt,
1495 2306 1615 2346 quem
1645 2290 1691 2333 in
1719 2293 1989 2348 Hellesponto
2018 2302 2107 2336 tum
2136 2296 2216 2336 du·

164 2358 506 2405 eem‘habebann
549 2356 618 2409 qui
655 2370 751 2396 cum
791 2356 1074 2409 duodeviginti
1111 2356 1350 2398 triremibus
1387 2365 1427 2398 et
1455 2365 1600 2410 quater
1623 2357 1737 2398 mille
1765 2359 1971 2412 peltastis,
2011 2362 2215 2414 equitibus

164 2438 264 2466 vero
292 2421 585 2476 quinquaginta
613 2427 654 2461 et
681 2428 846 2462 centum
873 2420 920 2462 in
945 2421 1138 2463 Pallenen
1166 2429 1206 2462 et
1232 2422 1464 2466 Bottiaeam
1500 2437 1582 2464 una
1615 2437 1710 2465 cum
1740 2423 1958 2479 Olynthiis
1993 2425 2216 2480 piofectus,

162 2496 317 2529 terram
345 2487 614 2528 devastavit.“
670 2487 782 2526 Tum
822 2486 873 2526 de
906 2486 1027 2527 tertia
1066 2486 1255 2529 societate
1290 2487 1409 2529 haec:
1450 2489 1609 2530 Rursus
1637 2496 1774 2529 autem
1804 2489 2045 2544 Olynthiis,
2088 2507 2217 2545 quum

164 2554 330 2608 legatos
342 2552 558 2594 misissent
575 2550 787 2603 Athenas,
813 2542 1121 2608 rogassentque,
1159 2568 1212 2594 ne
1241 2552 1518 2596 committeret
1545 2555 1742 2609 populus,
1779 2562 1823 2594 ut
1850 2554 1932 2609 ipsi
1961 2556 2215 2600 debellaren-

162 2625 252 2670 tm,
293 2618 364 2666 sed
399 2617 553 2673 copiis,
602 2631 703 2671 quae
738 2618 820 2670 jam
856 2617 1059 2670 adessent,
1101 2630 1210 2660 nova
1247 2619 1401 2660 auxilia
1428 2620 1718 2674 adjungerent,
1753 2634 1886 2674 neque
1913 2624 2212 2664 me1cenariam

164 2695 353 2739 manum,
380 2684 451 2725 sed
477 2682 664 2738 ipsorum
695 2680 1041 2737 Atheniensium,
1077 2685 1253 2740 populus
1281 2684 1376 2727 alias
1405 2685 1584 2727 sedecim
1611 2685 1804 2742 triremes
1832 2686 1969 2740 misit,
1999 2702 2023 2730 e
2059 2689 2214 2730 civium

1688 2758 1713 2796 1
1731 2754 1750 2775 *
